% se evt. nedst√•ende eksempler for kileangivning

@Book{
random1,
title = {},
publisher = {},
edition = {.},
author = {},
year = {},
isbn = {}
}


@misc{
random2,
title = {},
author = {},
year = {},
note = {}
}

@misc{
crud13,
author = {Wikipedia},
title = {CRUD},
year = {2013},
url = {http://en.wikipedia.org/wiki/CRUD}
}

@misc{
install,
author = {SW603F13},
title = {Installation Guide},
year = {2013},
url = {https://github.com/Ezphares/giraf_database/blob/master/README.md}
}

@misc{
mysqlconnector,
author = {MySQL},
title = {Download Connector/C},
year = {2013},
url = {http://dev.mysql.com/downloads/connector/c/}
}

@misc{
jsoncppinstall,
author = {StackOverflow},
title = {Building JsonCPP (Linux) - and instruction for us mere mortals},
year = {2011},
url = {http://stackoverflow.com/questions/4628922/building-jsoncpp-linux-an-instruction-for-us-mere-mortals}
}

@misc{
boostinstall,
author = {Boost Community},
title = {Boost},
year = {2013},
url = {http://www.boost.org/}
}

@misc{
GNUlicense,
author = {Free Software Foundation},
title = {GNU General Public License},
year = {2007},
url = {https://github.com/Zucka/girafAdmin/blob/master/LICENSE.md}
}

@Book{
req_wrong,
title = {Agile and iterative development: a manager's guide},
publisher = {Pearson Education, Inc.},
author = {Craig Larman},
year = {2004},
isbn = {0-13-111155-8}
}

@misc{
fromdual,
author = {FromDual},
title = {MATERIALIZED VIEWS WITH MYSQL},
year = {2013},
url = {http://www.fromdual.com/mysql-materialized-views}
}

@misc{
mysqlconnectorj,
author = {MySQL},
title = {Download Connector/J},
year = {2013},
url = {http://dev.mysql.com/downloads/connector/j/}
}

@misc{
sqliteopenhelper,
author = {MySQL},
title = {SQLiteOpenHelper Documentation},
year = {2013},
url = {http://developer.android.com/reference/android/database/sqlite/SQLiteOpenHelper.html}
}

@misc{
asynctask,
author = {MySQL},
title = {AsyncTask Documentation},
year = {2013},
url = {http://developer.android.com/reference/android/os/AsyncTask.html}
}

@misc{
hundt11,
author = {Robert Hundt},
title = {Loop Recognition in C++/Java/Go/Scala},
year = {2011},
url = {https://days2011.scala-lang.org/sites/days2011/files/ws3-1-Hundt.pdf}
}
